@techreport{CarvajalParra2019,
    title = {{Construcci{\'{o}}n de un detector de radiaci{\'{o}}n Cherenkov}},
    year = {2019},
    author = {Carvajal Parra, Juan Pablo and Contreras Quiroz, Carlos Daniel},
    institution = {Universidad de Los Andes},
    address = {Bogot{\'{a}}}
}

@misc{HyperPhysics,
    title = {{Index of Refraction}},
    author = {{HyperPhysics}},
    url = {http://hyperphysics.phy-astr.gsu.edu/hbase/Tables/indrf.html}
}

@article{Gourgoulhon19921DCollapse,
    title = {{1D numerical relativity applied to neutron star collapse}},
    year = {1992},
    journal = {Classical and Quantum Gravity},
    author = {Gourgoulhon, E.},
    doi = {10.1088/0264-9381/9/S/005},
    issn = {02649381}
}

@article{Escobedo2017AbriendoMuros,
    title = {{Abriendo Muros}},
    year = {2017},
    journal = {Revista Summa+},
    author = {Escobedo, Frida and D{\'{i}}az Cervantes, Rodolfo and Moreau, Adrián and Montemayor, Adiranne and Cabrera, Fernando},
    month = {4},
    pages = {68--75},
    address = {Buenos Aires}
}

@techreport{InstitutoNacionaldeCancerologia-ESE2019Anuario2016,
    title = {{Anuario Estad{\'{i}}stico 2016}},
    year = {2019},
    author = {{Instituto Nacional de Cancerolog{\'{i}}a - ESE}},
    pages = {Volumen 14},
    address = {Bogot{\'{a}}}
}

@book{Koberlein2013AstrophysicsSupport,
    title = {{Astrophysics through computation: With mathematica{\textregistered} support}},
    year = {2013},
    booktitle = {Astrophysics Through Computation: With Mathematica Support},
    author = {Koberlein, Brian and Meisel, David},
    isbn = {9780511863172},
    doi = {10.1017/CBO9780511863172}
}

@article{Barack2019BlackRoadmap,
    title = {{Black holes, gravitational waves and fundamental physics: a roadmap}},
    year = {2019},
    journal = {Classical and Quantum Gravity},
    author = {Barack, Leor and Cardoso, Vitor and Nissanke, Samaya and Sotiriou, Thomas P and Askar, Abbas and Belczynski, Chris and Bertone, Gianfranco and Bon, Edi and Blas, Diego and Brito, Richard and Bulik, Tomasz and Burrage, Clare and Byrnes, Christian T and Caprini, Chiara and Chernyakova, Masha and Chru{\'{s}}ciel, Piotr and Colpi, Monica and Ferrari, Valeria and Gaggero, Daniele and Gair, Jonathan and Garc{\'{i}}a-Bellido, Juan and Hassan, S F and Heisenberg, Lavinia and Hendry, Martin and Heng, Ik Siong and Herdeiro, Carlos and Hinderer, Tanja and Horesh, Assaf and Kavanagh, Bradley J and Kocsis, Bence and Kramer, Michael and Le Tiec, Alexandre and Mingarelli, Chiara and Nardini, Germano and Nelemans, Gijs and Palenzuela, Carlos and Pani, Paolo and Perego, Albino and Porter, Edward K and Rossi, Elena M and Schmidt, Patricia and Sesana, Alberto and Sperhake, Ulrich and Stamerra, Antonio and Stein, Leo C and Tamanini, Nicola and Tauris, Thomas M and Urena-L{\'{o}}pez, L Arturo and Vincent, Frederic and Volonteri, Marta and Wardell, Barry and Wex, Norbert and Yagi, Kent and Abdelsalhin, Tiziano and Aloy, Miguel Ángel and Amaro-Seoane, Pau and Annulli, Lorenzo and Arca-Sedda, Manuel and Bah, Ibrahima and Barausse, Enrico and Barakovic, Elvis and Benkel, Robert and Bennett, Charles L and Bernard, Laura and Bernuzzi, Sebastiano and Berry, Christopher P L and Berti, Emanuele and Bezares, Miguel and Blanco-Pillado, Jose Juan and Bl{\'{a}}zquez-Salcedo, Jose Luis and Bonetti, Matteo and Bo{\v{s}}kovi{\'{c}}, Mateja and Bosnjak, Zeljka and Bricman, Katja and Br{\"{u}}gmann, Bernd and Capelo, Pedro R and Carloni, Sante and Cerd{\'{a}}-Dur{\'{a}}n, Pablo and Charmousis, Christos and Chaty, Sylvain and Clerici, Aurora and Coates, Andrew and Colleoni, Marta and Collodel, Lucas G and Comp{\`{e}}re, Geoffrey and Cook, William and Cordero-Carri{\'{o}}n, Isabel and Correia, Miguel and de la Cruz-Dombriz, Álvaro and Czinner, Viktor G and Destounis, Kyriakos and Dialektopoulos, Kostas and Doneva, Daniela and Dotti, Massimo and Drew, Amelia and Eckner, Christopher and Edholm, James and Emparan, Roberto and Erdem, Recai and Ferreira, Miguel and Ferreira, Pedro G and Finch, Andrew and Font, Jose A and Franchini, Nicola and Fransen, Kwinten and Gal’tsov, Dmitry and Ganguly, Apratim and Gerosa, Davide and Glampedakis, Kostas and Gomboc, Andreja and Goobar, Ariel and Gualtieri, Leonardo and Guendelman, Eduardo and Haardt, Francesco and Harmark, Troels and Hejda, Filip and Hertog, Thomas and Hopper, Seth and Husa, Sascha and Ihanec, Nada and Ikeda, Taishi and Jaodand, Amruta and Jetzer, Philippe and Jimenez-Forteza, Xisco and Kamionkowski, Marc and Kaplan, David E and Kazantzidis, Stelios and Kimura, Masashi and Kobayashi, Shiho and Kokkotas, Kostas and Krolik, Julian and Kunz, Jutta and L{\"{a}}mmerzahl, Claus and Lasky, Paul and Lemos, José P S and Levi Said, Jackson and Liberati, Stefano and Lopes, Jorge and Luna, Raimon and Ma, Yin-Zhe and Maggio, Elisa and Mangiagli, Alberto and Montero, Marina Martinez and Maselli, Andrea and Mayer, Lucio and Mazumdar, Anupam and Messenger, Christopher and M{\'{e}}nard, Brice and Minamitsuji, Masato and Moore, Christopher J and Mota, David and Nampalliwar, Sourabh and Nerozzi, Andrea and Nichols, David and Nissimov, Emil and Obergaulinger, Martin and Obers, Niels A and Oliveri, Roberto and Pappas, George and Pasic, Vedad and Peiris, Hiranya and Petrushevska, Tanja and Pollney, Denis and Pratten, Geraint and Rakic, Nemanja and Racz, Istvan and Radia, Miren and Ramazano{\u{g}}lu, Fethi M and Ramos-Buades, Antoni and Raposo, Guilherme and Rogatko, Marek and Rosca-Mead, Roxana and Rosinska, Dorota and Rosswog, Stephan and Ruiz-Morales, Ester and Sakellariadou, Mairi and Sanchis-Gual, Nicolás and Sharan Salafia, Om and Samajdar, Anuradha and Sintes, Alicia and Smole, Majda and Sopuerta, Carlos and Souza-Lima, Rafael and Stalevski, Marko and Stergioulas, Nikolaos and Stevens, Chris and Tamfal, Tomas and Torres-Forn{\'{e}}, Alejandro and Tsygankov, Sergey and İ {\"{U}}nl{\"{u}}t{\"{u}}rk, Kıvanç and Valiante, Rosa and van de Meent, Maarten and Velhinho, José and Verbin, Yosef and Vercnocke, Bert and Vernieri, Daniele and Vicente, Rodrigo and Vitagliano, Vincenzo and Weltman, Amanda and Whiting, Bernard and Williamson, Andrew and Witek, Helvi and Wojnar, Aneta and Yakut, Kadri and Yan, Haopeng and Yazadjiev, Stoycho and Zaharijas, Gabrijela and Zilh{\~{a}}o, Miguel},
    doi = {10.1088/1361-6382/ab0587},
    issn = {0264-9381}
}

@article{Centrella2010Black-holeRelativity,
    title = {{Black-hole binaries, gravitational waves, and numerical relativity}},
    year = {2010},
    journal = {Reviews of Modern Physics},
    author = {Centrella, Joan and Baker, John G. and Kelly, Bernard J. and van Meter, James R.},
    doi = {10.1103/RevModPhys.82.3069},
    issn = {00346861}
}

@inproceedings{MacCallum2002ComputerRelativity,
    title = {{Computer algebra in general relativity}},
    year = {2002},
    booktitle = {International Journal of Modern Physics A},
    author = {MacCallum, M. A.H.},
    doi = {10.1142/S0217751X02011643},
    issn = {0217751X},
    keywords = {Computer algebra, Gravitation, Relativity}
}

@incollection{Heinicke2002ComputerGravity,
    title = {{Computer algebra in gravity}},
    year = {2002},
    booktitle = {Computer Algebra Handbook},
    author = {Heinicke, Christian and Hehl, Friedrich W.},
    editor = {Grabmeier, J. and Kaltofen, E. and Weispfennig, V.},
    publisher = {Springer},
    address = {Berlin}
}

@misc{MacCallum2018ComputerResearch,
    title = {{Computer algebra in gravity research}},
    year = {2018},
    booktitle = {Living Reviews in Relativity},
    author = {MacCallum, Malcolm A.H.},
    doi = {10.1007/s41114-018-0015-6},
    issn = {14338351},
    keywords = {Algorithms, Computer algebra, Exact solutions, General relativity, Gravitation theory, Programs}
}

@article{Arbona1999DealingRelativity,
    title = {{Dealing with the center and boundary problems in 1D numerical relativity}},
    year = {1999},
    journal = {Computer Physics Communications},
    author = {Arbona, A. and Bona, C.},
    doi = {10.1016/S0010-4655(99)00191-5},
    issn = {00104655}
}

@misc{Chandler2010Explained:Thermoelectricity,
    title = {{Explained: Thermoelectricity}},
    year = {2010},
    booktitle = {MIT News},
    author = {Chandler, David L.},
    month = {4},
    url = {http://news.mit.edu/2010/explained-thermoelectricity-0427},
    address = {Cambridge}
}

@misc{Cardoso2015ExploringRelativity,
    title = {{Exploring new physics frontiers through numerical relativity}},
    year = {2015},
    booktitle = {Living Reviews in Relativity},
    author = {Cardoso, Vitor and Gualtieri, Leonardo and Herdeiro, Carlos and Sperhake, Ulrich},
    doi = {10.1007/lrr-2015-1},
    issn = {14338351},
    keywords = {Alternative theories of gravity, Black holes, Extensions of the standard model, Extra dimensions, Gravitation, Numerical methods, Trans-Planckian scattering}
}

@article{Akiyama2019FirstHole,
    title = {{First M87 Event Horizon Telescope Results. I. The Shadow of the Supermassive Black Hole}},
    year = {2019},
    journal = {The Astrophysical Journal},
    author = {Akiyama, Kazunori and Alberdi, Antxon and Alef, Walter and Asada, Keiichi and Azulay, Rebecca and Baczko, Anne-Kathrin and Ball, David and Balokovi{\'{c}}, Mislav and Barrett, John and Bintley, Dan and Blackburn, Lindy and Boland, Wilfred and Bouman, Katherine L. and Bower, Geoffrey C. and Bremer, Michael and Brinkerink, Christiaan D. and Brissenden, Roger and Britzen, Silke and Broderick, Avery E. and Broguiere, Dominique and Bronzwaer, Thomas and Byun, Do-Young and Carlstrom, John E. and Chael, Andrew and Chan, Chi-kwan and Chatterjee, Shami and Chatterjee, Koushik and Chen, Ming-Tang and Chen, Yongjun and Cho, Ilje and Christian, Pierre and Conway, John E. and Cordes, James M. and Crew, Geoffrey B. and Cui, Yuzhu and Davelaar, Jordy and Laurentis, Mariafelicia De and Deane, Roger and Dempsey, Jessica and Desvignes, Gregory and Dexter, Jason and Doeleman, Sheperd S. and Eatough, Ralph P. and Falcke, Heino and Fish, Vincent L. and Fomalont, Ed and Fraga-Encinas, Raquel and Freeman, William T. and Friberg, Per and Fromm, Christian M. and G{\'{o}}mez, José L. and Galison, Peter and Gammie, Charles F. and Garc{\'{i}}a, Roberto and Gentaz, Olivier and Georgiev, Boris and Goddi, Ciriaco and Gold, Roman and Gu, Minfeng and Gurwell, Mark and Hada, Kazuhiro and Hecht, Michael H. and Hesper, Ronald and Ho, Luis C. and Ho, Paul and Honma, Mareki and Huang, Chih-Wei L. and Huang, Lei and Hughes, David H. and Ikeda, Shiro and Inoue, Makoto and Issaoun, Sara and James, David J. and Jannuzi, Buell T. and Janssen, Michael and Jeter, Britton and Jiang, Wu and Johnson, Michael D. and Jorstad, Svetlana and Jung, Taehyun and Karami, Mansour and Karuppusamy, Ramesh and Kawashima, Tomohisa and Keating, Garrett K. and Kettenis, Mark and Kim, Jae-Young and Kim, Junhan and Kim, Jongsoo and Kino, Motoki and Koay, Jun Yi and Koch, Patrick M. and Koyama, Shoko and Kramer, Michael and Kramer, Carsten and Krichbaum, Thomas P. and Kuo, Cheng-Yu and Lauer, Tod R. and Lee, Sang-Sung and Li, Yan-Rong and Li, Zhiyuan and Lindqvist, Michael and Liu, Kuo and Liuzzo, Elisabetta and Lo, Wen-Ping and Lobanov, Andrei P. and Loinard, Laurent and Lonsdale, Colin and Lu, Ru-Sen and MacDonald, Nicholas R. and Mao, Jirong and Markoff, Sera and Marrone, Daniel P. and Marscher, Alan P. and Mart{\'{i}}-Vidal, Iván and Matsushita, Satoki and Matthews, Lynn D. and Medeiros, Lia and Menten, Karl M. and Mizuno, Yosuke and Mizuno, Izumi and Moran, James M. and Moriyama, Kotaro and Moscibrodzka, Monika and M{\"{u}}ller, Cornelia and Nagai, Hiroshi and Nagar, Neil M. and Nakamura, Masanori and Narayan, Ramesh and Narayanan, Gopal and Natarajan, Iniyan and Neri, Roberto and Ni, Chunchong and Noutsos, Aristeidis and Okino, Hiroki and Olivares, Héctor and Ortiz-Le{\'{o}}n, Gisela N. and Oyama, Tomoaki and {\"{O}}zel, Feryal and Palumbo, Daniel C. M. and Patel, Nimesh and Pen, Ue-Li and Pesce, Dominic W. and Pi{\'{e}}tu, Vincent and Plambeck, Richard and PopStefanija, Aleksandar and Porth, Oliver and Prather, Ben and Preciado-L{\'{o}}pez, Jorge A. and Psaltis, Dimitrios and Pu, Hung-Yi and Ramakrishnan, Venkatessh and Rao, Ramprasad and Rawlings, Mark G. and Raymond, Alexander W. and Rezzolla, Luciano and Ripperda, Bart and Roelofs, Freek and Rogers, Alan and Ros, Eduardo and Rose, Mel and Roshanineshat, Arash and Rottmann, Helge and Roy, Alan L. and Ruszczyk, Chet and Ryan, Benjamin R. and Rygl, Kazi L. J. and S{\'{a}}nchez, Salvador and S{\'{a}}nchez-Arguelles, David and Sasada, Mahito and Savolainen, Tuomas and Schloerb, F. Peter and Schuster, Karl-Friedrich and Shao, Lijing and Shen, Zhiqiang and Small, Des and Sohn, Bong Won and SooHoo, Jason and Tazaki, Fumie and Tiede, Paul and Tilanus, Remo P. J. and Titus, Michael and Toma, Kenji and Torne, Pablo and Trent, Tyler and Trippe, Sascha and Tsuda, Shuichiro and Bemmel, Ilse van and van Langevelde, Huib Jan and van Rossum, Daniel R. and Wagner, Jan and Wardle, John and Weintroub, Jonathan and Wex, Norbert and Wharton, Robert and Wielgus, Maciek and Wong, George N. and Wu, Qingwen and Young, Ken and Young, André and Younsi, Ziri and Yuan, Feng and Yuan, Ye-Fei and Zensus, J. Anton and Zhao, Guangyao and Zhao, Shan-Shan and Zhu, Ziyan and Algaba, Juan-Carlos and Allardi, Alexander and Amestica, Rodrigo and Anczarski, Jadyn and Bach, Uwe and Baganoff, Frederick K. and Beaudoin, Christopher and Benson, Bradford A. and Berthold, Ryan and Blanchard, Jay M. and Blundell, Ray and Bustamente, Sandra and Cappallo, Roger and Castillo-Dom{\'{i}}nguez, Edgar and Chang, Chih-Cheng and Chang, Shu-Hao and Chang, Song-Chu and Chen, Chung-Chen and Chilson, Ryan and Chuter, Tim C. and Rosado, Rodrigo Córdova and Coulson, Iain M. and Crawford, Thomas M. and Crowley, Joseph and David, John and Derome, Mark and Dexter, Matthew and Dornbusch, Sven and Dudevoir, Kevin A. and Dzib, Sergio A. and Eckart, Andreas and Eckert, Chris and Erickson, Neal R. and Everett, Wendeline B. and Faber, Aaron and Farah, Joseph R. and Fath, Vernon and Folkers, Thomas W. and Forbes, David C. and Freund, Robert and G{\'{o}}mez-Ruiz, Arturo I. and Gale, David M. and Gao, Feng and Geertsema, Gertie and Graham, David A. and Greer, Christopher H. and Grosslein, Ronald and Gueth, Frédéric and Haggard, Daryl and Halverson, Nils W. and Han, Chih-Chiang and Han, Kuo-Chang and Hao, Jinchi and Hasegawa, Yutaka and Henning, Jason W. and Hern{\'{a}}ndez-G{\'{o}}mez, Antonio and Herrero-Illana, Rubén and Heyminck, Stefan and Hirota, Akihiko and Hoge, James and Huang, Yau-De and Impellizzeri, C. M. Violette and Jiang, Homin and Kamble, Atish and Keisler, Ryan and Kimura, Kimihiro and Kono, Yusuke and Kubo, Derek and Kuroda, John and Lacasse, Richard and Laing, Robert A. and Leitch, Erik M. and Li, Chao-Te and Lin, Lupin C.-C. and Liu, Ching-Tang and Liu, Kuan-Yu and Lu, Li-Ming and Marson, Ralph G. and Martin-Cocher, Pierre L. and Massingill, Kyle D. and Matulonis, Callie and McColl, Martin P. and McWhirter, Stephen R. and Messias, Hugo and Meyer-Zhao, Zheng and Michalik, Daniel and Monta{\~{n}}a, Alfredo and Montgomerie, William and Mora-Klein, Matias and Muders, Dirk and Nadolski, Andrew and Navarro, Santiago and Neilsen, Joseph and Nguyen, Chi H. and Nishioka, Hiroaki and Norton, Timothy and Nowak, Michael A. and Nystrom, George and Ogawa, Hideo and Oshiro, Peter and Oyama, Tomoaki and Parsons, Harriet and Paine, Scott N. and Pe{\~{n}}alver, Juan and Phillips, Neil M. and Poirier, Michael and Pradel, Nicolas and Primiani, Rurik A. and Raffin, Philippe A. and Rahlin, Alexandra S. and Reiland, George and Risacher, Christopher and Ruiz, Ignacio and S{\'{a}}ez-Mada{\'{i}}n, Alejandro F. and Sassella, Remi and Schellart, Pim and Shaw, Paul and Silva, Kevin M. and Shiokawa, Hotaka and Smith, David R. and Snow, William and Souccar, Kamal and Sousa, Don and Sridharan, T. K. and Srinivasan, Ranjani and Stahm, William and Stark, Anthony A. and Story, Kyle and Timmer, Sjoerd T. and Vertatschitsch, Laura and Walther, Craig and Wei, Ta-Shun and Whitehorn, Nathan and Whitney, Alan R. and Woody, David P. and Wouterloot, Jan G. A. and Wright, Melvin and Yamaguchi, Paul and Yu, Chen-Yu and Zeballos, Milagros and Zhang, Shuo and Ziurys, Lucy},
    doi = {10.3847/2041-8213/ab0ec7}
}

@article{Akiyama2019FirstRing,
    title = {{First M87 Event Horizon Telescope Results. V. Physical Origin of the Asymmetric Ring}},
    year = {2019},
    journal = {The Astrophysical Journal},
    author = {Akiyama, Kazunori and Alberdi, Antxon and Alef, Walter and Asada, Keiichi and Azulay, Rebecca and Baczko, Anne-Kathrin and Ball, David and Balokovi{\'{c}}, Mislav and Barrett, John and Bintley, Dan and Blackburn, Lindy and Boland, Wilfred and Bouman, Katherine L. and Bower, Geoffrey C. and Bremer, Michael and Brinkerink, Christiaan D. and Brissenden, Roger and Britzen, Silke and Broderick, Avery E. and Broguiere, Dominique and Bronzwaer, Thomas and Byun, Do-Young and Carlstrom, John E. and Chael, Andrew and Chan, Chi-kwan and Chatterjee, Shami and Chatterjee, Koushik and Chen, Ming-Tang and Chen, Yongjun and Cho, Ilje and Christian, Pierre and Conway, John E. and Cordes, James M. and Crew, Geoffrey B. and Cui, Yuzhu and Davelaar, Jordy and De Laurentis, Mariafelicia and Deane, Roger and Dempsey, Jessica and Desvignes, Gregory and Dexter, Jason and Doeleman, Sheperd S. and Eatough, Ralph P. and Falcke, Heino and Fish, Vincent L. and Fomalont, Ed and Fraga-Encinas, Raquel and Friberg, Per and Fromm, Christian M. and G{\'{o}}mez, José L. and Galison, Peter and Gammie, Charles F. and Garc{\'{i}}a, Roberto and Gentaz, Olivier and Georgiev, Boris and Goddi, Ciriaco and Gold, Roman and Gu, Minfeng and Gurwell, Mark and Hada, Kazuhiro and Hecht, Michael H. and Hesper, Ronald and Ho, Luis C. and Ho, Paul and Honma, Mareki and Huang, Chih-Wei L. and Huang, Lei and Hughes, David H. and Ikeda, Shiro and Inoue, Makoto and Issaoun, Sara and James, David J. and Jannuzi, Buell T. and Janssen, Michael and Jeter, Britton and Jiang, Wu and Johnson, Michael D. and Jorstad, Svetlana and Jung, Taehyun and Karami, Mansour and Karuppusamy, Ramesh and Kawashima, Tomohisa and Keating, Garrett K. and Kettenis, Mark and Kim, Jae-Young and Kim, Junhan and Kim, Jongsoo and Kino, Motoki and Koay, Jun Yi and Koch, Patrick M. and Koyama, Shoko and Kramer, Michael and Kramer, Carsten and Krichbaum, Thomas P. and Kuo, Cheng-Yu and Lauer, Tod R. and Lee, Sang-Sung and Li, Yan-Rong and Li, Zhiyuan and Lindqvist, Michael and Liu, Kuo and Liuzzo, Elisabetta and Lo, Wen-Ping and Lobanov, Andrei P. and Loinard, Laurent and Lonsdale, Colin and Lu, Ru-Sen and MacDonald, Nicholas R. and Mao, Jirong and Markoff, Sera and Marrone, Daniel P. and Marscher, Alan P. and Mart{\'{i}}-Vidal, Iván and Matsushita, Satoki and Matthews, Lynn D. and Medeiros, Lia and Menten, Karl M. and Mizuno, Yosuke and Mizuno, Izumi and Moran, James M. and Moriyama, Kotaro and Moscibrodzka, Monika and Mul̈ler, Cornelia and Nagai, Hiroshi and Nagar, Neil M. and Nakamura, Masanori and Narayan, Ramesh and Narayanan, Gopal and Natarajan, Iniyan and Neri, Roberto and Ni, Chunchong and Noutsos, Aristeidis and Okino, Hiroki and Olivares, Héctor and Oyama, Tomoaki and {\"{O}}zel, Feryal and Palumbo, Daniel C. M. and Patel, Nimesh and Pen, Ue-Li and Pesce, Dominic W. and Pi{\'{e}}tu, Vincent and Plambeck, Richard and PopStefanija, Aleksandar and Porth, Oliver and Prather, Ben and Preciado-L{\'{o}}pez, Jorge A. and Psaltis, Dimitrios and Pu, Hung-Yi and Ramakrishnan, Venkatessh and Rao, Ramprasad and Rawlings, Mark G. and Raymond, Alexander W. and Rezzolla, Luciano and Ripperda, Bart and Roelofs, Freek and Rogers, Alan and Ros, Eduardo and Rose, Mel and Roshanineshat, Arash and Rottmann, Helge and Roy, Alan L. and Ruszczyk, Chet and Ryan, Benjamin R. and Rygl, Kazi L. J. and S{\'{a}}nchez, Salvador and S{\'{a}}nchez-Arguelles, David and Sasada, Mahito and Savolainen, Tuomas and Schloerb, F. Peter and Schuster, Karl-Friedrich and Shao, Lijing and Shen, Zhiqiang and Small, Des and Sohn, Bong Won and SooHoo, Jason and Tazaki, Fumie and Tiede, Paul and Tilanus, Remo P. J. and Titus, Michael and Toma, Kenji and Torne, Pablo and Trent, Tyler and Trippe, Sascha and Tsuda, Shuichiro and van Bemmel, Ilse and van Langevelde, Huib Jan and van Rossum, Daniel R. and Wagner, Jan and Wardle, John and Weintroub, Jonathan and Wex, Norbert and Wharton, Robert and Wielgus, Maciek and Wong, George N. and Wu, Qingwen and Young, André and Young, Ken and Younsi, Ziri and Yuan, Feng and Yuan, Ye-Fei and Zensus, J. Anton and Zhao, Guangyao and Zhao, Shan-Shan and Zhu, Ziyan and Anczarski, Jadyn and Baganoff, Frederick K. and Eckart, Andreas and Farah, Joseph R. and Haggard, Daryl and Meyer-Zhao, Zheng and Michalik, Daniel and Nadolski, Andrew and Neilsen, Joseph and Nishioka, Hiroaki and Nowak, Michael A. and Pradel, Nicolas and Primiani, Rurik A. and Souccar, Kamal and Vertatschitsch, Laura and Yamaguchi, Paul and Zhang, Shuo},
    doi = {10.3847/2041-8213/ab0f43}
}

@article{Akiyama2019FirstHoleb,
    title = {{First M87 Event Horizon Telescope Results. VI. The Shadow and Mass of the Central Black Hole}},
    year = {2019},
    journal = {The Astrophysical Journal},
    author = {Akiyama, Kazunori and Alberdi, Antxon and Alef, Walter and Asada, Keiichi and Azulay, Rebecca and Baczko, Anne-Kathrin and Ball, David and Balokovi{\'{c}}, Mislav and Barrett, John and Bintley, Dan and Blackburn, Lindy and Boland, Wilfred and Bouman, Katherine L. and Bower, Geoffrey C. and Bremer, Michael and Brinkerink, Christiaan D. and Brissenden, Roger and Britzen, Silke and Broderick, Avery E. and Broguiere, Dominique and Bronzwaer, Thomas and Byun, Do-Young and Carlstrom, John E. and Chael, Andrew and Chan, Chi-kwan and Chatterjee, Shami and Chatterjee, Koushik and Chen, Ming-Tang and Chen, Yongjun and Cho, Ilje and Christian, Pierre and Conway, John E. and Cordes, James M. and Crew, Geoffrey B. and Cui, Yuzhu and Davelaar, Jordy and De Laurentis, Mariafelicia and Deane, Roger and Dempsey, Jessica and Desvignes, Gregory and Dexter, Jason and Doeleman, Sheperd S. and Eatough, Ralph P. and Falcke, Heino and Fish, Vincent L. and Fomalont, Ed and Fraga-Encinas, Raquel and Friberg, Per and Fromm, Christian M. and G{\'{o}}mez, José L. and Galison, Peter and Gammie, Charles F. and Garc{\'{i}}a, Roberto and Gentaz, Olivier and Georgiev, Boris and Goddi, Ciriaco and Gold, Roman and Gu, Minfeng and Gurwell, Mark and Hada, Kazuhiro and Hecht, Michael H. and Hesper, Ronald and Ho, Luis C. and Ho, Paul and Honma, Mareki and Huang, Chih-Wei L. and Huang, Lei and Hughes, David H. and Ikeda, Shiro and Inoue, Makoto and Issaoun, Sara and James, David J. and Jannuzi, Buell T. and Janssen, Michael and Jeter, Britton and Jiang, Wu and Johnson, Michael D. and Jorstad, Svetlana and Jung, Taehyun and Karami, Mansour and Karuppusamy, Ramesh and Kawashima, Tomohisa and Keating, Garrett K. and Kettenis, Mark and Kim, Jae-Young and Kim, Junhan and Kim, Jongsoo and Kino, Motoki and Koay, Jun Yi and Koch, Patrick M. and Koyama, Shoko and Kramer, Michael and Kramer, Carsten and Krichbaum, Thomas P. and Kuo, Cheng-Yu and Lauer, Tod R. and Lee, Sang-Sung and Li, Yan-Rong and Li, Zhiyuan and Lindqvist, Michael and Liu, Kuo and Liuzzo, Elisabetta and Lo, Wen-Ping and Lobanov, Andrei P. and Loinard, Laurent and Lonsdale, Colin and Lu, Ru-Sen and MacDonald, Nicholas R. and Mao, Jirong and Markoff, Sera and Marrone, Daniel P. and Marscher, Alan P. and Mart{\'{i}}-Vidal, Iván and Matsushita, Satoki and Matthews, Lynn D. and Medeiros, Lia and Menten, Karl M. and Mizuno, Yosuke and Mizuno, Izumi and Moran, James M. and Moriyama, Kotaro and Moscibrodzka, Monika and M{\"{u}}ller, Cornelia and Nagai, Hiroshi and Nagar, Neil M. and Nakamura, Masanori and Narayan, Ramesh and Narayanan, Gopal and Natarajan, Iniyan and Neri, Roberto and Ni, Chunchong and Noutsos, Aristeidis and Okino, Hiroki and Olivares, Héctor and Oyama, Tomoaki and {\"{O}}zel, Feryal and Palumbo, Daniel C. M. and Patel, Nimesh and Pen, Ue-Li and Pesce, Dominic W. and Pi{\'{e}}tu, Vincent and Plambeck, Richard and PopStefanija, Aleksandar and Porth, Oliver and Prather, Ben and Preciado-L{\'{o}}pez, Jorge A. and Psaltis, Dimitrios and Pu, Hung-Yi and Ramakrishnan, Venkatessh and Rao, Ramprasad and Rawlings, Mark G. and Raymond, Alexander W. and Rezzolla, Luciano and Ripperda, Bart and Roelofs, Freek and Rogers, Alan and Ros, Eduardo and Rose, Mel and Roshanineshat, Arash and Rottmann, Helge and Roy, Alan L. and Ruszczyk, Chet and Ryan, Benjamin R. and Rygl, Kazi L. J. and S{\'{a}}nchez, Salvador and S{\'{a}}nchez-Arguelles, David and Sasada, Mahito and Savolainen, Tuomas and Schloerb, F. Peter and Schuster, Karl-Friedrich and Shao, Lijing and Shen, Zhiqiang and Small, Des and Sohn, Bong Won and SooHoo, Jason and Tazaki, Fumie and Tiede, Paul and Tilanus, Remo P. J. and Titus, Michael and Toma, Kenji and Torne, Pablo and Trent, Tyler and Trippe, Sascha and Tsuda, Shuichiro and van Bemmel, Ilse and van Langevelde, Huib Jan and van Rossum, Daniel R. and Wagner, Jan and Wardle, John and Weintroub, Jonathan and Wex, Norbert and Wharton, Robert and Wielgus, Maciek and Wong, George N. and Wu, Qingwen and Young, André and Young, Ken and Younsi, Ziri and Yuan, Feng and Yuan, Ye-Fei and Zensus, J. Anton and Zhao, Guangyao and Zhao, Shan-Shan and Zhu, Ziyan and Farah, Joseph R. and Meyer-Zhao, Zheng and Michalik, Daniel and Nadolski, Andrew and Nishioka, Hiroaki and Pradel, Nicolas and Primiani, Rurik A. and Souccar, Kamal and Vertatschitsch, Laura and Yamaguchi, Paul},
    doi = {10.3847/2041-8213/ab1141}
}

@inproceedings{Hrabovsky2014GeneralMathematica,
    title = {{General Relativistic Calculations in Mathematica}},
    year = {2014},
    author = {Hrabovsky, George E.}
}

@book{Zimmerman2001GeneralMathematica,
    title = {{General Relativity and Cosmology using Mathematica}},
    year = {2001},
    author = {Zimmerman, Robert L.},
    address = {Eugene, OR}
}

@article{Vankov2016GeneralTest,
    title = {{General Relativity Mercury’s Anomaly Prediction: What and How to Test?}},
    year = {2016},
    journal = {The General Science Journal},
    author = {Vankov, Kirill}
}

@article{Nakamura1993GravitationalRelativity,
    title = {{Gravitational waves and numerical relativity}},
    year = {1993},
    journal = {Vistas in Astronomy},
    author = {Nakamura, Takashi},
    doi = {10.1016/0083-6656(93)90064-Q},
    issn = {00836656}
}

@misc{HartleGravity:Relativity,
    title = {{Gravity: An Introduction to Einstein's General Relativity}},
    author = {Hartle, James B.},
    url = {http://web.physics.ucsb.edu/~gravitybook/mathematica.html}
}

@article{2019HaraldsplassSykehus,
    title = {{Haraldsplass Diakonale Sykehus}},
    year = {2019},
    journal = {mur+betong},
    month = {1},
    address = {Oslo}
}

@article{Minutillo2019HaraldsplassMller,
    title = {{Haraldsplass Hospital by C.F. M{\o}ller}},
    year = {2019},
    journal = {Architectural Record},
    author = {Minutillo, Josephine},
    month = {7},
    pages = {106--111},
    address = {New York}
}

@book{Alcubierre2008IntroductionRelativity,
    title = {{Introduction to 3+1 Numerical Relativity}},
    year = {2008},
    booktitle = {Introduction to 3+1 Numerical Relativity},
    author = {Alcubierre, Miguel},
    isbn = {9780191709371},
    doi = {10.1093/acprof:oso/9780199205677.001.0001},
    keywords = {Black Hole Space-Times, Dynamical Gravitational Fields, Gauge Conditions, Gravitational Wave Extraction, Hyperbolic Reductions, Initial Data Problem, Relativistic Astrophysical Systems, Relativistic Hydrodynamics}
}

@inproceedings{Guzman2007IntroductionExamples,
    title = {{Introduction to numerical relativity through examples}},
    year = {2007},
    booktitle = {Revista Mexicana de Fisica},
    author = {Guzm{\'{a}}n, F. S.},
    issn = {0035001X},
    keywords = {Numerical methods, Numerical relativity, Self-gravitating systems}
}

@phdthesis{SullerCornejo2019LaEscobendo,
    title = {{La arquitectura sensorial de Frida Escobendo}},
    year = {2019},
    author = {Suller Cornejo, Claudia},
    pages = {60},
    school = {Escuela T{\'{e}}cnica Superior de Arquitectura de Valencia}
}

@article{Pinzon2017LaSiqueiros,
    title = {{La Tallera Siqueiros}},
    year = {2017},
    journal = {Revista Dearq},
    author = {Pinzon, Ana María and Merrett, Andrea J},
    month = {7},
    pages = {86--91},
    address = {Bogot{\'{a}}}
}

@incollection{Seebeck1822MagnetischeTemperatur-Differenz,
    title = {{Magnetische Polarisation der Metalle und Erze durch Temperatur-Differenz}},
    year = {1822},
    booktitle = {Abhandlungen der Königlichen Akademie der Wissenschaften zu Berlin aus den Jahren 1820-1821},
    author = {Seebeck, Thomas Johann},
    pages = {265--373},
    publisher = {Georg Reimer},
    url = {file://catalog.hathitrust.org/Record/101820999 http://hdl.handle.net/2027/osu.32435055147060 (1820-1821 1820-1821) http://hdl.handle.net/2027/osu.32435055147011 (1822-1823 1822-1823) http://hdl.handle.net/2027/osu.32435055146963 (1824 1824) http://hdl.han},
    address = {Berlin},
    keywords = {Science / Periodicals.}
}

@book{Baumann2005Mathematica2,
    title = {{Mathematica{\textregistered} for theoretical physics: Electrodynamics, quantum mechanics, general relativity and fractals volume 2}},
    year = {2005},
    booktitle = {Mathematica{\textregistered} for Theoretical Physics: Electrodynamics, Quantum Mechanics, General Relativity and Fractals Volume 2},
    author = {Baumann, Gerd},
    isbn = {0387219331},
    doi = {10.1007/b106779}
}

@article{Tang2012NewHospitality,
    title = {{New Hospital(ity)}},
    year = {2012},
    author = {Tang, Andrew},
    month = {8},
    pages = {40--80},
    address = {Seoul}
}

@incollection{rsted1823NouvellesElectro-magnetiques,
    title = {{Nouvelles exp{\'{e}}riences de M. Seebeck sur les actions {\'{e}}lectro-magn{\'{e}}tiques}},
    year = {1823},
    booktitle = {Annales de Chimie et de Physique, Tome XXII},
    author = {{\O}rsted, Hans Christian},
    editor = {Gay-Lussac, Joseph Louis and Arago, François},
    pages = {199--201},
    publisher = {Crochard},
    address = {Paris}
}

@article{Lehner2014NumericalAstrophysics,
    title = {{Numerical Relativity and Astrophysics}},
    year = {2014},
    journal = {Annual Review of Astronomy and Astrophysics},
    author = {Lehner, Luis and Pretorius, Frans},
    doi = {10.1146/annurev-astro-081913-040031},
    issn = {0066-4146}
}

@misc{Baumgarte2003NumericalBinaries,
    title = {{Numerical relativity and compact binaries}},
    year = {2003},
    booktitle = {Physics Reports},
    author = {Baumgarte, Thomas W. and Shapiro, Stuart L.},
    doi = {10.1016/S0370-1573(02)00537-9},
    issn = {03701573}
}

@article{Seidel1999NumericalAstrophysics,
    title = {{Numerical relativity as a tool for computational astrophysics}},
    year = {1999},
    journal = {Journal of Computational and Applied Mathematics},
    author = {Seidel, Edward and Suen, Wai Mo},
    doi = {10.1016/S0377-0427(99)00169-7},
    issn = {03770427}
}

@article{Brugmann2000NumericalDimensions,
    title = {{Numerical relativity in 3+1 dimensions}},
    year = {2000},
    journal = {Annalen der Physik (Leipzig)},
    author = {Br{\"{u}}gmann, B.},
    doi = {10.1002/(SICI)1521-3889(200005)9:3/5<227::AID-ANDP227>3.0.CO;2-D},
    issn = {00033804}
}

@article{Witek2013NumericalSpace-times,
    title = {{Numerical relativity in higher-dimensional space-times}},
    year = {2013},
    journal = {International Journal of Modern Physics A},
    author = {Witek, Helvi},
    doi = {10.1142/S0217751X13400174},
    issn = {0217751X},
    keywords = {Numerical relativity, black holes, higher dimensions}
}

@misc{Lehner2001NumericalReview,
    title = {{Numerical relativity: A review}},
    year = {2001},
    booktitle = {Classical and Quantum Gravity},
    author = {Lehner, Luis},
    doi = {10.1088/0264-9381/18/17/202},
    issn = {02649381}
}

@article{Font1993NumericalRelativity,
    title = {{Numerical simulations of 2D potential flows in general relativity}},
    year = {1993},
    journal = {Computer Physics Communications},
    author = {Font, JoséA A. and Mart{\'{i}}, JoséM M. and Ib{\'{a}}{\~{n}}es, JoséM M. and Miralles, Juan A.},
    doi = {10.1016/0010-4655(93)90162-6},
    issn = {00104655}
}

@article{Anatychuk2004OnVolta,
    title = {{On the discov- ery of thermoelectricity by Volta}},
    year = {2004},
    journal = {Journal of Thermoelectricity},
    author = {Anatychuk, L. I.},
    number = {2},
    pages = {5--10},
    volume = {2004}
}

@article{Korzhuyev2011OnEffects,
    title = {{On the sequence of discovery of the basic thermoelectric effects}},
    year = {2011},
    journal = {Journal of Thermoelectricity},
    author = {Korzhuyev, M. A. and Katin, I. V.},
    number = {3},
    pages = {79},
    volume = {2011}
}

@misc{Nolte2019OrbitingHole,
    title = {{Orbiting Photons around a Black Hole}},
    year = {2019},
    booktitle = {Galileo Unbound},
    author = {Nolte, David D.}
}

@article{Piran1981PROBLEMSRELATIVITY,
    title = {{PROBLEMS AND SOLUTIONS IN NUMERICAL RELATIVITY}},
    year = {1981},
    journal = {Annals of the New York Academy of Sciences},
    author = {Piran, Tsvi},
    doi = {10.1111/j.1749-6632.1981.tb33686.x},
    issn = {17496632}
}

@techreport{ComitedePregradodelDepartamentodeFisica2017PropuestaFisica,
    title = {{Propuesta de reforma curricular para el programa de pregrado en f{\'{i}}sica}},
    year = {2017},
    author = {{Comit{\'{e}} de Pregrado del Departamento de F{\'{i}}sica}},
    url = {https://fisica.uniandes.edu.co/images/Documentos/Reforma_curricular/Reforma_Curricular_Pregrado_en_Fisica.pdf},
    institution = {Universidad de Los Andes},
    address = {Bogot{\'{a}}}
}

@misc{Parra-Muller2017Proyectos,
    title = {{Proyectos}},
    year = {2017},
    booktitle = {Arquitectura de Maternidades},
    author = {{Parra-M{\"{u}}ller}},
    url = {http://arquitecturadematernidades.com/proyectos/}
}

@techreport{Cremaldi2019SeebeckEffects,
    title = {{Seebeck and Peltier Effects}},
    year = {2019},
    author = {Cremaldi, Lucien},
    url = {http://www.phy.olemiss.edu/~cremaldi/PHYS417/Seebeck and Peltier Effects.pdf},
    institution = {University of Mississippi},
    address = {Oxford}
}

@misc{TheTrusteesofPrincetonUniversity2015SeebeckEffect,
    title = {{Seebeck Effect}},
    year = {2015},
    author = {{The Trustees of Princeton University}},
    url = {https://www.princeton.edu/ssp/joseph-henry-project/thermo-electric/theory/}
}

@article{Anatychuk1994SeebeckVolta,
    title = {{Seebeck or Volta?}},
    year = {1994},
    journal = {Journal of Thermoelectricity},
    author = {Anatychuk, L. I.},
    number = {1},
    pages = {9--10},
    volume = {1994}
}

@misc{Cullen2007SemiconductorGenerator,
    title = {{Semiconductor Thermoelectric Power Generator}},
    year = {2007},
    author = {Cullen, C. M.},
    url = {https://en.wikipedia.org/wiki/File:ThermoelectricPowerGen.jpg}
}

@techreport{PhyweSysteme2017SemiconductorEffect,
    title = {{Semiconductor thermogenerator - Seebeck effect}},
    year = {2017},
    author = {{Phywe Systeme}},
    url = {https://repository.curriculab.net/files/versuchsanleitungen/p2410700/p2410700e.pdf},
    institution = {Phywe Systeme},
    address = {G{\"{o}}ttingen}
}

@techreport{FondoColombianodeEnfermedadesdeAltoCosto2018Situacion2017,
    title = {{Situaci{\'{o}}n del cancer en la poblaci{\'{o}}n adulta atendida en el SGSSS de Colombia 2017}},
    year = {2018},
    author = {{Fondo Colombiano de Enfermedades de Alto Costo}},
    address = {Bogot{\'{a}}}
}

@inproceedings{Shibata2004StatusRelativity,
    title = {{Status of numerical relativity}},
    year = {2004},
    booktitle = {Pramana - Journal of Physics},
    author = {Shibata, Masaru},
    doi = {10.1007/BF02705193},
    issn = {03044289},
    keywords = {Black hole, Gravitational waves, Neutron star, Numerical relativity}
}

@misc{Lehner2014SummaryApplications,
    title = {{Summary of parallel session B2. "Numerical Relativity and astrophysical applications"}},
    year = {2014},
    booktitle = {General Relativity and Gravitation},
    author = {Lehner, Luis},
    doi = {10.1007/s10714-014-1690-6},
    issn = {15729532},
    keywords = {Black holes, Gravitational waves, Neutron stars, Numerical relativity}
}

@article{Birkandan2019SymbolicSystems,
    title = {{Symbolic and numerical analysis in general relativity with open source computer algebra systems}},
    year = {2019},
    journal = {General Relativity and Gravitation},
    author = {Birkandan, Tolga and G{\"{u}}zelg{\"{u}}n, Ceren and {\c{S}}irin, Elif and Uslu, Mustafa Can},
    doi = {10.1007/s10714-018-2486-x},
    issn = {15729532},
    keywords = {Geodesic motion, Numerical analysis, Symbolic analysis, Wave equations}
}

@article{Woszczyna2016SYMBOLICAPPROACH,
    title = {{SYMBOLIC TENSOR CALCULUS — FUNCTIONAL AND DYNAMIC APPROACH}},
    year = {2016},
    author = {Woszczyna, Andrzej and Plaszczyk, Piotr and Czaja, Wojciech and Golda, Zdzislaw A.},
    arxivId = {arXiv:1603.05819}
}

@misc{vlab.amrita.edu2011ThermoEffect,
    title = {{Thermo Couple-Seebeck Effect}},
    year = {2011},
    author = {{vlab.amrita.edu}},
    url = {https://vlab.amrita.edu/?sub=1&brch=194&sim=351&cnt=1}
}

@incollection{Goupil2016ThermodynamicsThermoelectricity,
    title = {{Thermodynamics and Thermoelectricity}},
    year = {2016},
    booktitle = {Continuum Theory and Modeling of Thermoelectric Elements},
    author = {Goupil, Christophe and Ouerdane, Henni and Zabrocki, Knud and Seifert, Wolfgang and Hinsche, Nicki F. and M{\"{u}}ller, Eckhard},
    isbn = {9783527338405},
    doi = {10.1002/9783527338405.ch1},
    keywords = {Galvanomagnetic effects, Ideal Fermi gas, Linear nonequilibrium thermodynamics, Thermodynamics, Thermoelectric systems, Thermoelectricity, Thermomagnetic effects}
}

@misc{Pop2017Thermoelectrics101,
    title = {{Thermoelectrics 101}},
    year = {2017},
    author = {Pop, Eric},
    publisher = {Pop Lab},
    address = {Stanford}
}

@misc{SanchezRon2018WhenCentury,
    title = {{When Past Becomes Future: Physics in the 21st Century}},
    year = {2018},
    author = {S{\'{a}}nchez Ron, José Manuel},
    url = {https://www.bbvaopenmind.com/en/articles/when-past-becomes-future-physics-in-the-21st-century/}
}

@misc{SimulatingeXtremeSpacetimesWhyRelativity,
    title = {{Why Numerical Relativity?}},
    author = {{Simulating eXtreme Spacetimes}},
    url = {https://www.black-holes.org/the-science-numerical-relativity/numerical-relativity/why-numerical-relativity}
}